{
  "leader": "10867cam a2200973 i 4500",
  "fields": [
    {
      "001": "ocm76064567\\"
    },
    {
      "003": "OCoLC"
    },
    {
      "005": "20230127094850.0"
    },
    {
      "008": "061031s2007\\\\\\\\nyu\\\\\\\\\\\\b\\\\\\\\001\\0\\eng\\\\"
    },
    {
      "010": {
        "ind1": "\\",
        "ind2": "\\",
        "subfields": [
          {
            "a": "  2006036534"
          }
        ]
      }
    },
    {
      "040": {
        "ind1": "\\",
        "ind2": "\\",
        "subfields": [
          {
            "a": "DLC"
          },
          {
            "b": "eng"
          },
          {
            "c": "DLC"
          },
          {
            "d": "BAKER"
          },
          {
            "d": "RIU"
          },
          {
            "d": "BTCTA"
          },
          {
            "d": "C#P"
          },
          {
            "d": "YDXCP"
          },
          {
            "d": "IXA"
          },
          {
            "d": "TMI"
          },
          {
            "d": "OCLCQ"
          },
          {
            "d": "TTU"
          },
          {
            "d": "CQU"
          },
          {
            "d": "JYJ"
          },
          {
            "d": "CHVBK"
          },
          {
            "d": "GEBAY"
          },
          {
            "d": "CDX"
          },
          {
            "d": "OCLCQ"
          },
          {
            "d": "ALAUL"
          },
          {
            "d": "BDX"
          },
          {
            "d": "OCLCQ"
          },
          {
            "d": "GK8"
          },
          {
            "d": "DEBBG"
          },
          {
            "d": "P4A"
          },
          {
            "d": "OCLCA"
          },
          {
            "d": "OCLCQ"
          },
          {
            "d": "GILDS"
          },
          {
            "d": "OCLCO"
          },
          {
            "d": "OCLCF"
          },
          {
            "d": "GZM"
          },
          {
            "d": "ERL"
          },
          {
            "d": "SNN"
          },
          {
            "d": "ALAUL"
          },
          {
            "d": "UKMGB"
          },
          {
            "d": "OCLCA"
          },
          {
            "d": "EUQ"
          },
          {
            "d": "UWO"
          },
          {
            "d": "OL{dollar}"
          },
          {
            "d": "YOU"
          },
          {
            "d": "HV6"
          },
          {
            "d": "OCLCQ"
          },
          {
            "d": "OCLCO"
          },
          {
            "d": "OCLCQ"
          },
          {
            "d": "ORU"
          },
          {
            "d": "OCLCA"
          },
          {
            "d": "TFW"
          },
          {
            "d": "OCLCO"
          },
          {
            "d": "XFF"
          },
          {
            "d": "OCLCO"
          },
          {
            "d": "OCLCQ"
          },
          {
            "d": "OCLCO"
          },
          {
            "d": "OCLCA"
          },
          {
            "d": "OCLCQ"
          },
          {
            "d": "OCLCO"
          },
          {
            "d": "ZHC"
          },
          {
            "d": "OCLCA"
          },
          {
            "d": "OCLCO"
          }
        ]
      }
    },
    {
      "016": {
        "ind1": "7",
        "ind2": "\\",
        "subfields": [
          {
            "a": "013640422"
          },
          {
            "2": "Uk"
          }
        ]
      }
    },
    {
      "016": {
        "ind1": "7",
        "ind2": "\\",
        "subfields": [
          {
            "a": "013584456"
          },
          {
            "2": "Uk"
          }
        ]
      }
    },
    {
      "019": {
        "ind1": "\\",
        "ind2": "\\",
        "subfields": [
          {
            "a": "234085436"
          },
          {
            "a": "1065036951"
          },
          {
            "a": "1071646339"
          },
          {
            "a": "1081065910"
          },
          {
            "a": "1084836135"
          },
          {
            "a": "1201938442"
          }
        ]
      }
    },
    {
      "020": {
        "ind1": "\\",
        "ind2": "\\",
        "subfields": [
          {
            "a": "9781558615342"
          },
          {
            "q": "(pbk. ;"
          },
          {
            "q": "alk. paper)"
          }
        ]
      }
    },
    {
      "020": {
        "ind1": "\\",
        "ind2": "\\",
        "subfields": [
          {
            "a": "1558615342"
          },
          {
            "q": "(pbk. ;"
          },
          {
            "q": "alk. paper)"
          }
        ]
      }
    },
    {
      "020": {
        "ind1": "\\",
        "ind2": "\\",
        "subfields": [
          {
            "a": "9781558615359"
          },
          {
            "q": "(alk. paper)"
          }
        ]
      }
    },
    {
      "020": {
        "ind1": "\\",
        "ind2": "\\",
        "subfields": [
          {
            "a": "1558615350"
          },
          {
            "q": "(alk. paper)"
          }
        ]
      }
    },
    {
      "035": {
        "ind1": "\\",
        "ind2": "\\",
        "subfields": [
          {
            "a": "(OCoLC)76064567"
          },
          {
            "z": "(OCoLC)234085436"
          },
          {
            "z": "(OCoLC)1065036951"
          },
          {
            "z": "(OCoLC)1071646339"
          },
          {
            "z": "(OCoLC)1081065910"
          },
          {
            "z": "(OCoLC)1084836135"
          },
          {
            "z": "(OCoLC)1201938442"
          }
        ]
      }
    },
    {
      "041": {
        "ind1": "1",
        "ind2": "\\",
        "subfields": [
          {
            "a": "eng"
          },
          {
            "h": "swa"
          },
          {
            "h": "eng"
          },
          {
            "h": "ger"
          }
        ]
      }
    },
    {
      "043": {
        "ind1": "\\",
        "ind2": "\\",
        "subfields": [
          {
            "a": "fe-----"
          }
        ]
      }
    },
    {
      "050": {
        "ind1": "0",
        "ind2": "0",
        "subfields": [
          {
            "a": "PL8014.E22"
          },
          {
            "b": "W66 2007"
          }
        ]
      }
    },
    {
      "050": {
        "ind1": "\\",
        "ind2": "4",
        "subfields": [
          {
            "a": "PL8011"
          },
          {
            "b": ".W64 2007"
          }
        ]
      }
    },
    {
      "082": {
        "ind1": "0",
        "ind2": "4",
        "subfields": [
          {
            "a": "820.992870968"
          },
          {
            "b": "WOM"
          }
        ]
      }
    },
    {
      "245": {
        "ind1": "0",
        "ind2": "0",
        "subfields": [
          {
            "a": "Women writing Africa :"
          },
          {
            "b": "the Eastern region /"
          },
          {
            "c": "edited by Amandina Lihamba [and others]."
          }
        ]
      }
    },
    {
      "246": {
        "ind1": "3",
        "ind2": "0",
        "subfields": [
          {
            "a": "Eastern region"
          }
        ]
      }
    },
    {
      "250": {
        "ind1": "\\",
        "ind2": "\\",
        "subfields": [
          {
            "a": "First edition."
          }
        ]
      }
    },
    {
      "264": {
        "ind1": "\\",
        "ind2": "1",
        "subfields": [
          {
            "a": "New York :"
          },
          {
            "b": "Feminist Press at the City University of New York,"
          },
          {
            "c": "2007."
          }
        ]
      }
    },
    {
      "300": {
        "ind1": "\\",
        "ind2": "\\",
        "subfields": [
          {
            "a": "xxv, 478 pages ;"
          },
          {
            "c": "23 cm."
          }
        ]
      }
    },
    {
      "336": {
        "ind1": "\\",
        "ind2": "\\",
        "subfields": [
          {
            "a": "text"
          },
          {
            "b": "txt"
          },
          {
            "2": "rdacontent"
          }
        ]
      }
    },
    {
      "337": {
        "ind1": "\\",
        "ind2": "\\",
        "subfields": [
          {
            "a": "unmediated"
          },
          {
            "b": "n"
          },
          {
            "2": "rdamedia"
          }
        ]
      }
    },
    {
      "338": {
        "ind1": "\\",
        "ind2": "\\",
        "subfields": [
          {
            "a": "volume"
          },
          {
            "b": "nc"
          },
          {
            "2": "rdacarrier"
          }
        ]
      }
    },
    {
      "386": {
        "ind1": "\\",
        "ind2": "\\",
        "subfields": [
          {
            "a": "Women"
          },
          {
            "a": "Kenyans"
          },
          {
            "a": "Malawians"
          },
          {
            "a": "Tanzanians"
          },
          {
            "a": "Ugandans"
          },
          {
            "a": "Zambians"
          },
          {
            "2": "lcdgt"
          }
        ]
      }
    },
    {
      "386": {
        "ind1": "\\",
        "ind2": "\\",
        "subfields": [
          {
            "a": "East Africans"
          },
          {
            "2": "lcsh"
          }
        ]
      }
    },
    {
      "490": {
        "ind1": "1",
        "ind2": "\\",
        "subfields": [
          {
            "a": "The women writing Africa project ;"
          },
          {
            "v": "v. 3"
          }
        ]
      }
    },
    {
      "504": {
        "ind1": "\\",
        "ind2": "\\",
        "subfields": [
          {
            "a": "Includes bibliographical references and index."
          }
        ]
      }
    },
    {
      "505": {
        "ind1": "0",
        "ind2": "0",
        "subfields": [
          {
            "t": "A note on the women writing Africa project /"
          },
          {
            "r": "Tuzyline Jita Allan, Abena P.A. Busia, and Florence Howe --"
          },
          {
            "t": "Preface /"
          },
          {
            "r": "Austin Bukenya --"
          },
          {
            "t": "Introduction /"
          },
          {
            "r": "Amandina Lihamba, Fulata L. Moyo, M.M. Mulokozi, Naomi L. Shitemi, Saida Yahya-Othman --"
          },
          {
            "t": "Eighteenth and nineteenth centuries --"
          },
          {
            "t": "Peace and security /"
          },
          {
            "r": "Sultan Fatima binti Muhammad Mkubwa --"
          },
          {
            "t": "From a mother's advice, and prayer: an epic poem /"
          },
          {
            "r": "Mwana Kupona binti Msham --"
          },
          {
            "t": "A royal childhood in Zanzibar /"
          },
          {
            "r": "Emily Ruete --"
          },
          {
            "t": "My God, why have you forsaken me? /"
          },
          {
            "r": "Martha Thabi --"
          },
          {
            "t": "Let not your heart be troubled /"
          },
          {
            "r": "Jessie Nyagondwe --"
          },
          {
            "t": "Ten times a slave /"
          },
          {
            "r": "Bwanikwa --"
          },
          {
            "t": "Early twentieth century"
          },
          {
            "r": "(1900-1935) --"
          },
          {
            "t": "Face to face with Wangu Wa Makeri /"
          },
          {
            "r": "E. May Crawford --"
          },
          {
            "t": "Binti Ali the clever /"
          },
          {
            "r": "Anonymous --"
          },
          {
            "t": "My student /"
          },
          {
            "r": "Jane Elizabeth Chadwick and Eva Chadwick --"
          },
          {
            "t": "Four songs /"
          },
          {
            "r": "Siti binti Saad --"
          },
          {
            "t": "Song of the coffee girls /"
          },
          {
            "r": "Communal --"
          },
          {
            "t": "I want a divorce /"
          },
          {
            "r": "Luiza --"
          },
          {
            "t": "Civilized motherhood /"
          },
          {
            "r": "Zeina binti Mwinyipembe Sekinyaga --"
          },
          {
            "t": "A petition /"
          },
          {
            "r": "Mwana Hashima binti Sheikh --"
          },
          {
            "t": "Letter opposing female circumcision /"
          },
          {
            "r": "Nyambura wa Kihurani, Raheli Wariga wa Johanna, and Alice Murigo wa Meshak --"
          },
          {
            "t": "The word prostitute has confused us /"
          },
          {
            "r": "Lusi Kyebakutika --"
          },
          {
            "t": "Should women be educated? /"
          },
          {
            "r": "Emily Mkandawire --"
          },
          {
            "t": "Letter to the Bishop /"
          },
          {
            "r": "Mothers union members --"
          },
          {
            "t": "Mid-twentieth century"
          },
          {
            "r": "(1936-1969) --"
          },
          {
            "t": "Fighting for my chieftaincy /"
          },
          {
            "r": "Chauwa Banda --"
          },
          {
            "t": "Modern Marriages /"
          },
          {
            "r": "Princess Kaiko Nambayo --"
          },
          {
            "t": "Letters on women's education /"
          },
          {
            "r": "Martha Kapanga and Mrs. E. Akapelwa Inambwae --"
          },
          {
            "t": "Domestic violence /"
          },
          {
            "r": "Erusa Kibanda --"
          },
          {
            "t": "Letters from Africa to a daughter in England /"
          },
          {
            "r": "Nellie Grant --"
          },
          {
            "t": "Wartime in Zanzibar /"
          },
          {
            "r": "Zeyana Ali Muh'd --"
          },
          {
            "t": "Letters on race and politics /"
          },
          {
            "r": "Elspeth Huxley and Margery Perham --"
          },
          {
            "t": "When Ogres lived /"
          },
          {
            "r": "Miriam Wandai --"
          },
          {
            "t": "An African marries a white through mere worldly desires /"
          },
          {
            "r": "C.M. binti Hassan --"
          },
          {
            "t": "Fighting for widow's property and the right to refuse marriage /"
          },
          {
            "r": "Nyense Namwandu --"
          },
          {
            "t": "Women are human beings /"
          },
          {
            "r": "Z and G --"
          },
          {
            "t": "Two poems /"
          },
          {
            "r": "Bibi Pirira Athumani --"
          },
          {
            "t": "Gidmay: farwell to a bride /"
          },
          {
            "r": "Communal --"
          },
          {
            "t": "From slavery to freedom /"
          },
          {
            "r": "Mama Meli --"
          },
          {
            "t": "The importance of reading /"
          },
          {
            "r": "L.B. --"
          },
          {
            "t": "Birds will mourn her /"
          },
          {
            "r": "Ng'washi ng'wana Nzuluge --"
          },
          {
            "t": "Letter on owning land /"
          },
          {
            "r": "Zaynab Himid Muhamed --"
          },
          {
            "t": "Debate on higher education /"
          },
          {
            "r": "Florence Lubega --"
          },
          {
            "t": "On education /"
          },
          {
            "r": "Joyce Masembe Mpanga --"
          },
          {
            "t": "Praised be Jesus Christ: a letter /"
          },
          {
            "r": "Anonymous --"
          },
          {
            "t": "The princess of politics /"
          },
          {
            "r": "Princess Nakatindi --"
          },
          {
            "t": "Letter on seclusion /"
          },
          {
            "r": "S. Nyakire --"
          },
          {
            "t": "An unusual girlhood /"
          },
          {
            "r": "Genda Mislay Lohi --"
          },
          {
            "t": "The truth will always speak /"
          },
          {
            "r": "Rose Chibambo --"
          },
          {
            "t": "What we have in common /"
          },
          {
            "r": "Susan Buxton Wood --"
          },
          {
            "t": "The advancement of women /"
          },
          {
            "r": "Barbro Johansson --"
          },
          {
            "t": "Africans are not poor /"
          },
          {
            "r": "Lucy Lameck --"
          },
          {
            "t": "Sacrifices for change /"
          },
          {
            "r": "Bibi Titi Mohamed --"
          },
          {
            "t": "Model day during the emergency /"
          },
          {
            "r": "Hannah Kahiga --"
          },
          {
            "t": "Elizabeth /"
          },
          {
            "r": "Grace Akinyi Ogot --"
          },
          {
            "t": "The retreat /"
          },
          {
            "r": "Hamida Mohamedali --"
          },
          {
            "t": "Three poems /"
          },
          {
            "r": "Rose Mbowa --"
          },
          {
            "t": "Late twentieth century"
          },
          {
            "r": "(1970-1995) --"
          },
          {
            "t": "Pray, no revenge /"
          },
          {
            "r": "Grace Akello --"
          },
          {
            "t": "The mischievous cow /"
          },
          {
            "r": "Miriam K. Were --"
          },
          {
            "t": "A barmaid's life /"
          },
          {
            "r": "Anna Chipaka --"
          },
          {
            "t": "Two satirical poems /"
          },
          {
            "r": "Fatma binti Athman --"
          },
          {
            "t": "From Hush, my child hush, of onions and frankincense /"
          },
          {
            "r": "Zaynab Himid Mohammed --"
          },
          {
            "t": "Speech on international women's day /"
          },
          {
            "r": "Miria Obote --"
          },
          {
            "t": "The language of healers /"
          },
          {
            "r": "Queen Namunyala --"
          },
          {
            "t": "Creating in the mother-tongue /"
          },
          {
            "r": "Penina Muhando Mlama --"
          },
          {
            "t": "Fighting for what belonged to me /"
          },
          {
            "r": "Tsitsi V. Himunyanga-Phiri --"
          },
          {
            "t": "We want to be sisters /"
          },
          {
            "r": "Sister Mary John --"
          },
          {
            "t": "Learning the sex trade /"
          },
          {
            "r": "Marjorie Oludhe Macgoye --"
          },
          {
            "t": "Warrior women /"
          },
          {
            "r": "Field Marshal Muthoni-Kirima --"
          },
          {
            "t": "Tryst with peril /"
          },
          {
            "r": "Elieshi Lema --"
          },
          {
            "t": "Let us praise Phoebe, our MP /"
          },
          {
            "r": "Grace Awach --"
          },
          {
            "t": "Life and death /"
          },
          {
            "r": "Margaret A. Ogola --"
          },
          {
            "t": "Nakayima and the wonder tree /"
          },
          {
            "r": "Ester Nakate --"
          },
          {
            "t": "Every woman a child of God /"
          },
          {
            "r": "Janet Karim --"
          },
          {
            "t": "Memories of a Zanzibar wedding /"
          },
          {
            "r": "Zehra Peera --"
          },
          {
            "t": "Into the twenty-first century"
          },
          {
            "r": "(1996-2004) --"
          },
          {
            "t": "One blanket /"
          },
          {
            "r": "Communal --"
          },
          {
            "t": "Songs complaining about husbands and lovers --"
          },
          {
            "t": "The impotent one climbed a tree /"
          },
          {
            "r": "Langi Women of Odokomit --"
          },
          {
            "t": "The greedy husband /"
          },
          {
            "r": "S.C. Hara --"
          },
          {
            "t": "Three Visekese songs /"
          },
          {
            "r": "Women of Rumphi district --"
          },
          {
            "t": "Make love and not babies /"
          },
          {
            "r": "Loise Kalondu wa Maseki --"
          },
          {
            "t": "The irresponsible husband /"
          },
          {
            "r": "Njira Chenga --"
          },
          {
            "t": "Vimbuza songs /"
          },
          {
            "r": "Communal --"
          },
          {
            "t": "Beijing, Beijing /"
          },
          {
            "r": "Monde Sifuniso --"
          },
          {
            "t": "The wasting disease /"
          },
          {
            "r": "Marjorie Oludhe Macgoye --"
          },
          {
            "t": "I am tired of talking in metaphors /"
          },
          {
            "r": "Susan Kiguli --"
          },
          {
            "t": "Independence, 1962 /"
          },
          {
            "r": "Winnie Munyarugerero --"
          },
          {
            "t": "Two poems /"
          },
          {
            "r": "Vuyo Ophelia Wagi --"
          },
          {
            "t": "The singing drum /"
          },
          {
            "r": "Mary Penelope Mfune --"
          },
          {
            "t": "Seeking my husband in Kenya /"
          },
          {
            "r": "Neera Kapur-Dromson --"
          },
          {
            "t": "Fighting for women's rights /"
          },
          {
            "r": "Sarah Nyendwoha Ntiro --"
          },
          {
            "t": "A courageous woman /"
          },
          {
            "r": "Loise Kalondu wa Maseki --"
          },
          {
            "t": "Two riddle poems /"
          },
          {
            "r": "Pelagia Aloyse Katunzi --"
          },
          {
            "t": "Protest against polygamy /"
          },
          {
            "r": "Loise Kalondu wa Maseki --"
          },
          {
            "t": "Rwanda: in the shadow of God /"
          },
          {
            "r": "Goretti Kyomuhendo --"
          },
          {
            "t": "Mekatilili, the Mijikenda warrior /"
          },
          {
            "r": "Hannah Tsumah --"
          },
          {
            "t": "I want school, not marriage /"
          },
          {
            "r": "Esther Mwachombo --"
          },
          {
            "t": "From slavery to school /"
          },
          {
            "r": "Charlotte Poda --"
          },
          {
            "t": "Two poems /"
          },
          {
            "r": "Katherine Wanjiru Getao --"
          },
          {
            "t": "Allisoo is an insult /"
          },
          {
            "r": "Qabale Kosi, Shane Halake, and Darmi Dida --"
          },
          {
            "t": "Pounding songs /"
          },
          {
            "r": "Mbuyu Nalumango --"
          },
          {
            "t": "Six rural protest songs --"
          },
          {
            "t": "I am sitting down to write this letter /"
          },
          {
            "r": "Santa Apoto --"
          },
          {
            "t": "Apoto the girl /"
          },
          {
            "r": "Beta Aida --"
          },
          {
            "t": "When we say /"
          },
          {
            "r": "Lalweny Fanta --"
          },
          {
            "t": "Without women /"
          },
          {
            "r": "Sarah Atoo --"
          },
          {
            "t": "The monstrous disease /"
          },
          {
            "r": "Sarah Atoo --"
          },
          {
            "t": "We are now equal /"
          },
          {
            "r": "Christine Lamwaka --"
          },
          {
            "t": "My mother, my hero /"
          },
          {
            "r": "Esther Shadrack Mwachiru --"
          },
          {
            "t": "Lullabies --"
          },
          {
            "t": "Nine lullabies from Zanzibar /"
          },
          {
            "r": "Communal --"
          },
          {
            "t": "Four lullabies from Uganda /"
          },
          {
            "r": "Communal --"
          },
          {
            "t": "Four lullabies from Zambia /"
          },
          {
            "r": "Communal --"
          },
          {
            "t": "I must call myself a feminist /"
          },
          {
            "r": "Miria Matembe --"
          },
          {
            "t": "The female husband /"
          },
          {
            "r": "Ruth Meena --"
          },
          {
            "t": "Language in Tanzania /"
          },
          {
            "r": "Martha Qorro --"
          },
          {
            "t": "In the stars /"
          },
          {
            "r": "Monica Arac de Nyeko --"
          },
          {
            "t": "The story of Wacu /"
          },
          {
            "r": "Margaret Wangui Mwema --"
          },
          {
            "t": "Nobel peace prize lecture /"
          },
          {
            "r": "Wangari Maathai."
          }
        ]
      }
    },
    {
      "520": {
        "ind1": "\\",
        "ind2": "\\",
        "subfields": [
          {
            "a": "Focuses on the daily lives of women, who have crafted descriptions of personal sufferings and triumphs, parliamentary speeches, fiction, poetry and songs, and the roles of women in creating an educated people in nations free from colonial rule. This third volume, \"The Eastern Region\", highlights 23 languages including English, German, and Swahili, and 5 east African countries: Kenya, Malawi, Tanzania, Uganda, and Zambia. It focuses on the daily lives of women, who have crafted descriptions of personal sufferings and triumphs, parliamentary speeches, fiction, poetry and songs, and the roles of women in creating an educated people in nations free from colonial rule."
          }
        ]
      }
    },
    {
      "650": {
        "ind1": "\\",
        "ind2": "0",
        "subfields": [
          {
            "a": "East African literature"
          },
          {
            "x": "Women authors."
          }
        ]
      }
    },
    {
      "650": {
        "ind1": "\\",
        "ind2": "0",
        "subfields": [
          {
            "a": "East African literature"
          },
          {
            "x": "Women authors"
          },
          {
            "v": "Translations into English."
          }
        ]
      }
    },
    {
      "650": {
        "ind1": "\\",
        "ind2": "0",
        "subfields": [
          {
            "a": "East African literature (English)"
          },
          {
            "x": "Women authors."
          }
        ]
      }
    },
    {
      "650": {
        "ind1": "\\",
        "ind2": "0",
        "subfields": [
          {
            "a": "Folk literature, African."
          }
        ]
      }
    },
    {
      "650": {
        "ind1": "\\",
        "ind2": "0",
        "subfields": [
          {
            "a": "Oral tradition"
          },
          {
            "z": "Africa, East."
          }
        ]
      }
    },
    {
      "650": {
        "ind1": "\\",
        "ind2": "0",
        "subfields": [
          {
            "a": "Women"
          },
          {
            "z": "Africa, East"
          },
          {
            "v": "Literary collections."
          }
        ]
      }
    },
    {
      "650": {
        "ind1": "\\",
        "ind2": "0",
        "subfields": [
          {
            "a": "Women"
          },
          {
            "z": "Africa, East"
          },
          {
            "x": "History"
          },
          {
            "v": "Sources."
          }
        ]
      }
    },
    {
      "651": {
        "ind1": "\\",
        "ind2": "0",
        "subfields": [
          {
            "a": "Africa, East"
          },
          {
            "v": "Literary collections."
          }
        ]
      }
    },
    {
      "651": {
        "ind1": "\\",
        "ind2": "0",
        "subfields": [
          {
            "a": "Africa, East"
          },
          {
            "x": "History"
          },
          {
            "v": "Sources."
          }
        ]
      }
    },
    {
      "650": {
        "ind1": "\\",
        "ind2": "7",
        "subfields": [
          {
            "a": "Folk literature, African."
          },
          {
            "2": "fast"
          },
          {
            "0": "(OCoLC)fst00928902"
          }
        ]
      }
    },
    {
      "650": {
        "ind1": "\\",
        "ind2": "7",
        "subfields": [
          {
            "a": "Oral tradition."
          },
          {
            "2": "fast"
          },
          {
            "0": "(OCoLC)fst01047117"
          }
        ]
      }
    },
    {
      "650": {
        "ind1": "\\",
        "ind2": "7",
        "subfields": [
          {
            "a": "Women."
          },
          {
            "2": "fast"
          },
          {
            "0": "(OCoLC)fst01176568"
          }
        ]
      }
    },
    {
      "651": {
        "ind1": "\\",
        "ind2": "7",
        "subfields": [
          {
            "a": "Africa, East."
          },
          {
            "2": "fast"
          },
          {
            "0": "(OCoLC)fst01239511"
          }
        ]
      }
    },
    {
      "655": {
        "ind1": "\\",
        "ind2": "2",
        "subfields": [
          {
            "a": "Address"
          }
        ]
      }
    },
    {
      "655": {
        "ind1": "\\",
        "ind2": "2",
        "subfields": [
          {
            "a": "Fictional Work"
          }
        ]
      }
    },
    {
      "655": {
        "ind1": "\\",
        "ind2": "2",
        "subfields": [
          {
            "a": "Poetry"
          }
        ]
      }
    },
    {
      "655": {
        "ind1": "\\",
        "ind2": "2",
        "subfields": [
          {
            "a": "Autobiography"
          }
        ]
      }
    },
    {
      "655": {
        "ind1": "\\",
        "ind2": "2",
        "subfields": [
          {
            "a": "Essay"
          }
        ]
      }
    },
    {
      "655": {
        "ind1": "\\",
        "ind2": "7",
        "subfields": [
          {
            "a": "Autobiographies."
          },
          {
            "2": "fast"
          },
          {
            "0": "(OCoLC)fst01919894"
          }
        ]
      }
    },
    {
      "655": {
        "ind1": "\\",
        "ind2": "7",
        "subfields": [
          {
            "a": "Essays."
          },
          {
            "2": "fast"
          },
          {
            "0": "(OCoLC)fst01919922"
          }
        ]
      }
    },
    {
      "655": {
        "ind1": "\\",
        "ind2": "7",
        "subfields": [
          {
            "a": "Fiction."
          },
          {
            "2": "fast"
          },
          {
            "0": "(OCoLC)fst01423787"
          }
        ]
      }
    },
    {
      "655": {
        "ind1": "\\",
        "ind2": "7",
        "subfields": [
          {
            "a": "Folk literature."
          },
          {
            "2": "fast"
          },
          {
            "0": "(OCoLC)fst01921660"
          }
        ]
      }
    },
    {
      "655": {
        "ind1": "\\",
        "ind2": "7",
        "subfields": [
          {
            "a": "History."
          },
          {
            "2": "fast"
          },
          {
            "0": "(OCoLC)fst01411628"
          }
        ]
      }
    },
    {
      "655": {
        "ind1": "\\",
        "ind2": "7",
        "subfields": [
          {
            "a": "Literary collections."
          },
          {
            "2": "fast"
          },
          {
            "0": "(OCoLC)fst01423811"
          }
        ]
      }
    },
    {
      "655": {
        "ind1": "\\",
        "ind2": "7",
        "subfields": [
          {
            "a": "Literature."
          },
          {
            "2": "fast"
          },
          {
            "0": "(OCoLC)fst01921716"
          }
        ]
      }
    },
    {
      "655": {
        "ind1": "\\",
        "ind2": "7",
        "subfields": [
          {
            "a": "Musical texts."
          },
          {
            "2": "fast"
          },
          {
            "0": "(OCoLC)fst01982508"
          }
        ]
      }
    },
    {
      "655": {
        "ind1": "\\",
        "ind2": "7",
        "subfields": [
          {
            "a": "Poetry."
          },
          {
            "2": "fast"
          },
          {
            "0": "(OCoLC)fst01423828"
          }
        ]
      }
    },
    {
      "655": {
        "ind1": "\\",
        "ind2": "7",
        "subfields": [
          {
            "a": "Sources."
          },
          {
            "2": "fast"
          },
          {
            "0": "(OCoLC)fst01423900"
          }
        ]
      }
    },
    {
      "655": {
        "ind1": "\\",
        "ind2": "7",
        "subfields": [
          {
            "a": "Speeches."
          },
          {
            "2": "fast"
          },
          {
            "0": "(OCoLC)fst01774286"
          }
        ]
      }
    },
    {
      "655": {
        "ind1": "\\",
        "ind2": "7",
        "subfields": [
          {
            "a": "Translations."
          },
          {
            "2": "fast"
          },
          {
            "0": "(OCoLC)fst01423791"
          }
        ]
      }
    },
    {
      "655": {
        "ind1": "\\",
        "ind2": "7",
        "subfields": [
          {
            "a": "Speeches."
          },
          {
            "2": "lcgft"
          }
        ]
      }
    },
    {
      "655": {
        "ind1": "\\",
        "ind2": "7",
        "subfields": [
          {
            "a": "Fiction."
          },
          {
            "2": "lcgft"
          }
        ]
      }
    },
    {
      "655": {
        "ind1": "\\",
        "ind2": "7",
        "subfields": [
          {
            "a": "Poetry."
          },
          {
            "2": "lcgft"
          }
        ]
      }
    },
    {
      "655": {
        "ind1": "\\",
        "ind2": "7",
        "subfields": [
          {
            "a": "Musical texts."
          },
          {
            "2": "lcgft"
          }
        ]
      }
    },
    {
      "655": {
        "ind1": "\\",
        "ind2": "7",
        "subfields": [
          {
            "a": "Autobiographies."
          },
          {
            "2": "lcgft"
          }
        ]
      }
    },
    {
      "655": {
        "ind1": "\\",
        "ind2": "7",
        "subfields": [
          {
            "a": "Essays."
          },
          {
            "2": "lcgft"
          }
        ]
      }
    },
    {
      "655": {
        "ind1": "\\",
        "ind2": "7",
        "subfields": [
          {
            "a": "Folk literature."
          },
          {
            "2": "lcgft"
          }
        ]
      }
    },
    {
      "655": {
        "ind1": "\\",
        "ind2": "7",
        "subfields": [
          {
            "a": "Literature."
          },
          {
            "2": "lcgft"
          }
        ]
      }
    },
    {
      "700": {
        "ind1": "1",
        "ind2": "\\",
        "subfields": [
          {
            "a": "Lihamba, Amandina,"
          },
          {
            "e": "editor."
          }
        ]
      }
    },
    {
      "776": {
        "ind1": "0",
        "ind2": "8",
        "subfields": [
          {
            "i": "Online version:"
          },
          {
            "t": "Women writing Africa. The Eastern region."
          },
          {
            "b": "1st ed."
          },
          {
            "d": "New York : The Feminist Press at the City University of New York, 2007"
          },
          {
            "w": "(OCoLC)608387427"
          }
        ]
      }
    },
    {
      "830": {
        "ind1": "\\",
        "ind2": "0",
        "subfields": [
          {
            "a": "Women writing Africa project ;"
          },
          {
            "v": "v. 3."
          }
        ]
      }
    },
    {
      "856": {
        "ind1": "4",
        "ind2": "1",
        "subfields": [
          {
            "3": "Table of contents"
          },
          {
            "u": "http://catdir.loc.gov/catdir/toc/ecip074/2006036534.html"
          }
        ]
      }
    },
    {
      "856": {
        "ind1": "4",
        "ind2": "1",
        "subfields": [
          {
            "3": "Table of contents"
          },
          {
            "u": "http://bvbr.bib-bvb.de:8991/F?func=service&doc_library=BVB01&local_base=BVB01&doc_number=015428260&line_number=0001&func_code=DB_RECORDS&service_type=MEDIA"
          }
        ]
      }
    },
    {
      "994": {
        "ind1": "\\",
        "ind2": "\\",
        "subfields": [
          {
            "a": "Z0"
          },
          {
            "b": "NYRVC"
          }
        ]
      }
    },
    {
      "948": {
        "ind1": "\\",
        "ind2": "\\",
        "subfields": [
          {
            "h": "NO HOLDINGS IN NYRVC - 574 OTHER HOLDINGS"
          }
        ]
      }
    },
    {
      "999": {
        "ind1": "\\",
        "ind2": "\\",
        "subfields": [
          {
            "a": "00000000039640"
          }
        ]
      }
    }
  ]
}